%% This BibTeX bibliography file in UTF-8 format was created using Papers.
%% http://mekentosj.com/papers/

@article{VanProoijen:2005p6179,
author = {BC VanProoijen and JA Battjes and WSJ Uijttewaal}, 
journal = {Journal of Hydraulics Engineering},
title = {Momentum Exchange in Straight Uniform Compound Channel Flow},
abstract = {},
number = {3},
pages = {175--183},
volume = {131},
year = {2005},
month = {Jan},
date-added = {2012-09-05 12:54:39 -0700},
date-modified = {2012-09-06 11:34:45 -0700},
local-url = {file://localhost/Users/audriccollignon/Documents/Papers/2005/VanProoijen/Journal%20of%20Hydraulics%20Engineering%202005%20VanProoijen.pdf},
uri = {papers://2E70559B-F395-4B54-9BC0-FF81471723BC/Paper/p6179},
read = {Yes},
rating = {3}
}

